@book{GollmannDieter2011Cs/D,
isbn = {9780470741153},
year = {2011},
title = {Computer Security},
edition = {3rd ed.},
language = {eng},
address = {Hoboken, N.J.},
author = {Dieter Gollmann},
keywords = {Computer security},
}

@book{EricksonJon1977-2008H:ta,
isbn = {1593271441},
year = {2008},
title = {Hacking:The Art of Exploitation},
edition = {2nd ed.},
language = {eng},
address = {San Francisco, Calif.},
author = {Jon Erickson},
keywords = {Computer security; Hackers; Computer networks -- Security measures},
}

@book{FergusonNiels2010Ce:d,
isbn = {9780470474242},
year = {2010},
title = {Cryptography Engineering: Design Principles and Practical Applications},
language = {eng},
address = {Indianapolis, Ind.},
author = {Niels Ferguson, Bruce Schneier and Tadayoshi Kohno},
keywords = {Cryptography; Computer security},
}

@book{AndersonRoss1956-2008Se:a,
isbn = {0470068523},
year = {2008},
title = {Security Engineering: A Guide To Building Dependable Distributed Systems},
edition = {2nd ed.},
language = {eng},
address = {Indianapolis, Ind. ; Chichester},
author = {Ross Anderson},
keywords = {Computer security; Electronic data processing -- Distributed processing},
}

@misc{chamith_2012,
title={SSH Tunneling Explained},
howpublished={\url{https://chamibuddhika.wordpress.com/2012/03/21/ssh-tunnelling-explained/}},
author={Buddhika Chamith},
year={2012},
note = {Accessed: 2019-05-01}
}

